---
---

@string{aps = {American Physical Society,}}

@article{che2021generalized,
  title={Physical-statistical learning towards resilience assessment for power generating systems (under review)},
  author={Che, Yiming and Cheng, Changqing},
  journal={Physica A: Statistical Mechanics and its Applications},
  year={2022},
}

@article{che2021generalized,
  title={Dispersion-enhanced sequential batch sampling for contour estimation (under review)},
  author={Che, Yiming and MÃ¼ller, Juliane and Cheng, Changqing},
  journal={Quality and Reliability Engineering International},
  year={2022},
}

@article{wan2022uncertainty,
  title={Uncertainty Quantification and Optimal Robust Design for Machining Operations},
  author={Wan, Jinming and Che, Yiming and Wang, Zimo and Cheng, Changqing},
  journal={Journal of Computing and Information Science in Engineering},
  volume={23},
  number={1},
  pages={011005},
  year={2022},
  publisher={American Society of Mechanical Engineers}
}

@article{ma2022characterizations,
  title={Characterizations and optimization for resilient manufacturing systems with considerations of process uncertainties},
  author={Ma, Qiyang and Che, Yiming and Cheng, Changqing and Wang, Zimo},
  journal={Journal of Computing and Information Science in Engineering},
  pages={1--30},
  year={2022}
}

@article{che2021generalized,
  title={Generalized polynomial chaos-informed efficient stochastic Kriging},
  author={Che, Yiming and Guo, Ziqi and Cheng, Changqing},
  journal={Journal of Computational Physics},
  volume={445},
  pages={110598},
  year={2021},
  publisher={Elsevier},
  selected={true}
}

@article{che2021active,
  title={Active learning and relevance vector machine in efficient estimate of basin stability for large-scale dynamic networks},
  author={Che, Yiming and Cheng, Changqing},
  journal={Chaos: An Interdisciplinary Journal of Nonlinear Science},
  volume={31},
  number={5},
  pages={053129},
  year={2021},
  publisher={AIP Publishing LLC}
}

@article{wu2020pattern,
  title={Pattern recognition and automatic identification of early-stage atrial fibrillation},
  author={Wu, Xiaodan and Zheng, Yumeng and Che, Yiming and Cheng, Changqing},
  journal={Expert Systems with Applications},
  volume={158},
  pages={113560},
  year={2020},
  publisher={Elsevier}
}

@article{che2020fast,
  title={Fast basin stability estimation for dynamic systems under large perturbations with sequential support vector machine},
  author={Che, Yiming and Cheng, Changqing and Liu, Zhao and Zhang, Ziang John},
  journal={Physica D: Nonlinear Phenomena},
  volume={405},
  pages={132381},
  year={2020},
  publisher={Elsevier}
}

@article{che2019multi,
  title={Multi-fidelity modeling in sequential design for stability identification in dynamic time-delay systems},
  author={Che, Yiming and Liu, Jiachen and Cheng, Changqing},
  journal={Chaos: An Interdisciplinary Journal of Nonlinear Science},
  volume={29},
  number={9},
  pages={093105},
  year={2019},
  publisher={AIP Publishing LLC}
}

@article{che2018uncertainty,
  title={Uncertainty quantification in stability analysis of chaotic systems with discrete delays},
  author={Che, Yiming and Cheng, Changqing},
  journal={Chaos, Solitons \& Fractals},
  volume={116},
  pages={208--214},
  year={2018},
  publisher={Elsevier},
  selected={true}
}
